@book{metodichka,
    author = {Е. А. Кузьменкова and А. К. Петренко},
    language = {russian},
    title = {Формальная спецификация программ на языке RSL. Методическое пособие по практикуму},
    address = {М.},
    publisher = {ВМиК},
    year = {1999},
    pages = {57},
}

@book{RSLlanguage,
    author = {Е. А. Кузьменкова and А. К. Петренко},
    language = {russian},
    title = {Формальная спецификация программ на языке RSL. Конспект лекций},
    address = {М.},
    publisher = {ВМиК},
    year = {2001},
    pages = {106},
}

@book{RSLgroup,
    author = {},
    language = {english},
    title = {The Raise Specification Language (Bcs Practitioner Series)},
    address = {},
    publisher = {Prentice Hall},
    year = {1992},
    pages = {106},
}

@book{MACAOtypechecker,
    title = {RSL Type Checker института UNU-IIST},
    publisher = {ftp://ftp.iist.unu.edu/pub/RAISE/dist/},
}

@book{MACAOcourse,
    title = {RAISE course института UNU-IIST},
    publisher = {ftp://ftp.iist.unu.edu/pub/RAISE/course$\_$material/},
}


@book{ISPRAStypechecker,
    title = {RSL Type Checker отдела Технологий программирования ИСП РАН},
    publisher = {http://www.ispras.ru/$\sim$RedVerst/RedVerst/Lectures and training courses/MSU course Formal specification of software/RSL2CPP/},
}
