% !Mode:: "TeX:UTF-8"
@BOOK{nepeivoda,
  AUTHOR =       {Н.Н. Непейвода},
  TITLE =        {Практическая логика},
  PUBLISHER =    {Новосибирск, НГУ},
  YEAR =         {2000},
}

@BOOK{kuliamin,
  AUTHOR =       {В.В. Кулямин},
  TITLE =        {Методы верификации программного обеспечения},
  PUBLISHER =    {Всероссийский конкурсный отбор обзорно-аналитических статей по приоритетному направлению
  <<Информационно-телекоммуникационные системы>>},
  YEAR =         {2008},
}

@BOOK{tanenbaum_os,
  AUTHOR =       {Э. Таненбаум},
  TITLE =        {Современные операционные системы},
  PUBLISHER =    {Питер},
  YEAR =         {2002},
}

@Book{Cormen,
  AUTHOR = {Т.Кормен and Ч. Лейзерсон and Р. Ривест},
  TITLE = {Алгоритмы: построение и анализ},
  PUBLISHER = {МЦНМО},
  YEAR = {2002},
} 
