@MANUAL{mips64_II,
  TITLE =        {MIPS64™ Architecture For Programmers Volume II: The MIPS64™ Instruction Set},
  organization = {MIPS Technologies},
  year =         {2001},
}

@MANUAL{mips64_III,
  TITLE =        {MIPS64™ Architecture For Programmers Volume III: The MIPS64™ Privileged Resource Architecture},
  organization = {MIPS Technologies},
  year =         {2001},
}

@ARTICLE{Ackermann,
  AUTHOR =       {W.Ackermann},
  TITLE =        {Solvable cases of the Decision Problem},
  JOURNAL =      {Studies in Logic and the Foundations of Mathematics},
  YEAR =         {1954},
}

@ARTICLE{GenesysPro,
  AUTHOR =       {Allon Adir and Eli Almog and Laurent Fournier and Eitan Marcus and Michal Rimon and Michael Vinov and Avi Ziv},
  TITLE =        {Industrial Experience with Test Generation Languages for Processor Verification},
  JOURNAL =      {IEEE Design and Test of Computers},
  YEAR =         {2004},
  volume =       {21},
  number =       {2},
  pages =        {84-93},
  month =        {Mar./Apr.},
}

@ARTICLE{DeepTrans,
  AUTHOR =       {Allon Adir and Roy Emek and Yoav Katz and Anatoly Koyfman},
  TITLE =        {DeepTrans -- Extending the Model-based Approach to Functional Verification of Address Translation Mechanisms},
  JOURNAL =      {Proceedings of High-Level Design Validation and Test Workshop},
  YEAR =         {2006},
}

@book{CSP,
 author = {Rossi, Francesca and Beek, Peter van and Walsh, Toby},
 title = {Handbook of Constraint Programming (Foundations of Artificial Intelligence)},
 year = {2006},
 isbn = {0444527265},
 publisher = {Elsevier Science Inc.},
 address = {New York, NY, USA},
}

@book{CLPusingECLiPSe,
 author = {Apt, Krzysztof R. and Wallace, Mark},
 title = {Constraint Logic Programming using Eclipse},
 year = {2007},
 isbn = {0521866286},
 publisher = {Cambridge University Press},
 address = {New York, NY, USA},
}

@MANUAL{SICStus,
  TITLE =        {SICStus Prolog User’s manual, release 4},
  organization = {Intelligent Systems Laboratory, Swedish Institute of Computer Science},
  year =         {2009},
}

@ARTICLE{ILOG,
  AUTHOR =       {Jean-Francois Puget},
  TITLE =        {A C++ implementation of CLP},
  JOURNAL =      {Proceedings of the 2nd Singapore International Conference on Intelligent Systems},
  YEAR =         {1994},
}

@ARTICLE{GenesysSolver,
  AUTHOR =       {Eyal Bin and Roy Emek and Gil Shurek and Avi Ziv},
  TITLE =        {Using Constraint Satisfaction Formulations and Solution Techniques for Random Test Program Generation},
  JOURNAL =      {IBM Systems Journal},
  YEAR =         {2002},
  volume =       {41},
}

@BOOK{FundamentalOfComputerOrganizationAndDesign,
  AUTHOR =       {Sivarama P. Dandamudi},
  TITLE =        {Fundamentals of computer organization and design},
  PUBLISHER =    {Springer},
  YEAR =         {2003},
}

@ARTICLE{kamkin,
  AUTHOR =       {А.С. Камкин},
  TITLE =        {Комбинаторная генерация тестовых программ для микропроцессоров на основе моделей},
  JOURNAL =      {Препринт Института Системного Программирования},
  YEAR =         {2008},
  volume =       {21},
}

@ARTICLE{muGP,
  AUTHOR =       {F. Corno and E. Sanchez and M.S. Reorda and G. Squillero},
  TITLE =        {Automatic Test Program Generation -- a Case Study},
  JOURNAL =      {IEEE Design \& Test, Special issue on Functional Verification and Testbench Generation},
  YEAR =         {2001},
  volume =       {21},
  number =       {2},
  pages =        {102-109},
  month =        {MArch-April},
}


@ARTICLE{TSE,
  AUTHOR =       {F.Fallah and K.Takayama},
  TITLE =        {A New Functional Test Program Generation Methodology},
  JOURNAL =      {Proceedings 2001 IEEE International Conference on Computer Design: VLSI in Computers and Processors},
  YEAR =         {2001},
  pages =        {76-81},
}

@ARTICLE{mVpGen,
  AUTHOR =       {K.Kohno and N.Matsumoto},
  TITLE =        {A New Verification Methodology for Complex Pipeline Behavior},
  JOURNAL =      {Proceedings of the 38st Design Automation Conference (DAC’01)},
  YEAR =         {2001},
}

@ARTICLE{ISDL,
  AUTHOR =       {G. Hadjiyiannis, S. Hanono, and S. Devadas},
  TITLE =        {ISDL: An Instruction Set Description Language for Retargetability},
  JOURNAL =      {Proceedings of the 34th Design Auiomation Conference},
  YEAR =         {1997},
  pages =        {299-302},
  month =        {June},
}

@ARTICLE{toATPG,
  AUTHOR =       {M.Beardo and F.Bruschi and F.Ferrandi and D.Sciuto},
  TITLE =        {An Approach to Functional Testing of VLIW Architectures},
  JOURNAL =      {Proceedings of the IEEE International High-Level Validation and Test Workshop (HLDVT'00)},
  YEAR =         {2000},
  pages =        {29-33},
}

@book{ATPGbook,
 author = {Alexander Miczo},
 title = {Digital logic testing and simulation},
 year = {2003},
 publisher = {Wiley-Interscience; 2 edition},
}
