
%
%  $Description: Sample bibliography$
%
%  $Author: ienne $
%  $Date: 1995/09/15 15:19:53 $
%  $Revision: 1.3 $
%

@Article{ex1,
   author =   "Author, Ivan Marc",
   title =   "Some Related Article {I} Wrote",
   journal =   "Some Fine Journal",
   month = "January",
   number = "7",
   year =   "1999",
   volume =   "99",
   pages =   "1-100",
}

@article{kamkin,
   author =   "Alexandr Kamkin",
   title =   "Combinatorial Model-Based Test Program Generation for Microprocessors",
   journal =   "Preprint 21 of Institute for System Programming of the Russian Academy Sciences",
   year =   "2008",
   pages =   "19-34",
}




@Book{ex2,
   author =   "Expert, Andreas Nikolaos",
   title =   "A Book He Wrote",
   publisher =   "His Publisher",
   address = "Erewhon, NC",
   year =   "1999"
}

@BOOK{SMT,
  AUTHOR =       {Daniel Kroening and Ofer Strichman},
  TITLE =        {Decision Procedures — an algorithmic point of view},
  PUBLISHER =    {Springer},
  YEAR =         {2008},
}

@ARTICLE{combinatorial,
  AUTHOR =       {Farzan Fallah and Koichiro Takayama},
  TITLE =        {A New Functional Test Program Generation Methodology},
  JOURNAL =      {Proceedings 2001 IEEE International Conference on Computer Design: VLSI in Computers and Processors},
  YEAR =         {2001},
  pages =        {76-81},
}

@ARTICLE{ATPG,
  AUTHOR =       {M.Beardo and F.Bruschi and F.Ferrandi and D.Sciuto},
  TITLE =        {An Approach to Functional Testing of VLIW Architectures},
  JOURNAL =      {Proceedings of the IEEE International High-Level Validation and Test Workshop (HLDVT'00)},
  YEAR =         {2000},
  pages =        {29-33},
}

@ARTICLE{GenesysPro,
  AUTHOR =       {M.Behm and J.Ludden and Y.Lichtenstein and M.Rimon and M.Vinov},
  TITLE =        {Industrial Experience with Test Generation Languages for Processor Verification},
  JOURNAL =      {Proceedings of the 41st Design Automation Conference (DAC’04)},
  YEAR =         {2004},
}
