@ARTICLE{GenesysPro2004,
  AUTHOR =       {M.Behm, J.Ludden, Y.Lichtenstein, M.Rimon, M.Vinov},
  TITLE =        {Industrial Experience with Test Generation Languages for Processor Verification},
  JOURNAL =      {Proceedings of the 41st Design Automation Conference (DAC’04)},
  YEAR =         {2004},
}

@ARTICLE{MAATG,
  AUTHOR =       {T.Li, D.Zhu, Y.Guo, G.Liu, S.Li},
  TITLE =        {MAATG: A Functional Test Program Generator for Microprocessor Verification},
  JOURNAL =      {Proceedings of the 2005 8th Euromicro conference on Digital System Design (DSD’05)},
  YEAR =         {2005},
}

@ARTICLE{mVpGen,
  AUTHOR =       {K.Kohno, N.Matsumoto},
  TITLE =        {A New Verification Methodology for Complex Pipeline Behavior},
  JOURNAL =      {Proceedings of the 38st Design Automation Conference (DAC’01)},
  YEAR =         {2001},
}

@ARTICLE{Mishra,
  AUTHOR =       {P.Mishra, N.Dutt},
  TITLE =        {Automatic Functional Test Program Generation for Pipelined Processors Using Model Checking},
  JOURNAL =      {Proceedings of the 7th IEEE International High-Level Design Validation and Test Workshop},
  YEAR =         {2002},
}
